<record><leader>00000cas a2200000 a 4500</leader><controlfield tag="001">36166791</controlfield><controlfield tag="008">970107d18921893miuwr n       0    0eng c</controlfield><datafield ind1=" " ind2=" " tag="010"><subfield code="a">sn 96077471 </subfield></datafield><datafield ind1=" " ind2=" " tag="040"><subfield code="a">MHN</subfield><subfield code="b">eng</subfield><subfield code="c">MHN</subfield><subfield code="d">OCL</subfield><subfield code="d">OCLCQ</subfield><subfield code="d">OCLCF</subfield><subfield code="d">OCLCO</subfield></datafield><datafield ind1="1" ind2=" " tag="029"><subfield code="a">AU@</subfield><subfield code="b">000013023231</subfield></datafield><datafield ind1=" " ind2=" " tag="042"><subfield code="a">pcc</subfield></datafield><datafield ind1=" " ind2=" " tag="043"><subfield code="a">n-us-mi</subfield></datafield><datafield ind1="0" ind2="4" tag="245"><subfield code="a">The Port Huron tribune and the Saturday commercial.</subfield></datafield><datafield ind1="3" ind2=" " tag="246"><subfield code="a">Port Huron tribune and the commercial consolidated</subfield><subfield code="f">Apr. 6, 1893-July 20, 1893</subfield></datafield><datafield ind1=" " ind2=" " tag="260"><subfield code="a">Port Huron, St. Clair County, Mich. :</subfield><subfield code="b">Commercial Tribune Print. Co.</subfield></datafield><datafield ind1=" " ind2=" " tag="300"><subfield code="a">v.</subfield></datafield><datafield ind1=" " ind2=" " tag="310"><subfield code="a">Weekly</subfield></datafield><datafield ind1="0" ind2=" " tag="362"><subfield code="a">No. 2161 (July 7, 1892)-no. 2214 (July 20, 1893).</subfield></datafield><datafield ind1=" " ind2=" " tag="580"><subfield code="a">Formed by the union of Port Huron tribune (Port Huron, Mich. : 1890), and: Commercial (Port Huron, Mich.).</subfield></datafield><datafield ind1=" " ind2="0" tag="651"><subfield code="a">Port Huron (Mich.)</subfield><subfield code="v">Newspapers.</subfield></datafield><datafield ind1=" " ind2="0" tag="651"><subfield code="a">Saint Clair County (Mich.)</subfield><subfield code="v">Newspapers.</subfield></datafield><datafield ind1=" " ind2="7" tag="655"><subfield code="a">Newspapers.</subfield><subfield code="2">fast</subfield><subfield code="0">(OCoLC)fst01423814</subfield></datafield><datafield ind1=" " ind2="7" tag="651"><subfield code="a">Michigan</subfield><subfield code="z">Port Huron.</subfield><subfield code="2">fast</subfield><subfield code="0">(OCoLC)fst01224208</subfield></datafield><datafield ind1=" " ind2="7" tag="651"><subfield code="a">Michigan</subfield><subfield code="z">Saint Clair County.</subfield><subfield code="2">fast</subfield><subfield code="0">(OCoLC)fst01218750</subfield></datafield><datafield ind1=" " ind2=" " tag="752"><subfield code="a">United States</subfield><subfield code="b">Michigan</subfield><subfield code="c">Saint Clair</subfield><subfield code="d">Port Huron.</subfield></datafield><datafield ind1="1" ind2="4" tag="780"><subfield code="t">Port Huron tribune (Port Huron, Mich. : 1890)</subfield><subfield code="w">(DLC)sn 96077470</subfield><subfield code="w">(OCoLC)36166987</subfield></datafield><datafield ind1="1" ind2="4" tag="780"><subfield code="t">Commercial (Port Huron, Mich.)</subfield><subfield code="w">(DLC)sn 96077469</subfield><subfield code="w">(OCoLC)36167029</subfield></datafield><datafield ind1="0" ind2="0" tag="785"><subfield code="t">Weekly tribune (Port Huron, Mich. : 1893)</subfield><subfield code="w">(DLC)sn 96077472</subfield><subfield code="w">(OCoLC)36166707</subfield></datafield></record>